01REMESSA01COBRANCA       00000053319087000120VULCON FIDC FRONTIS           611FRONTIS        071124        MX0000124                                                                                                                                                                                                                                                                                                                                 000001
1                   01000000000000  02 00 00 000002 000031952800000000            0000000000 1000000     0  01431511330101122400000001644230000000070N301024000020000000000003052               000000016168300000000000000170026709139   WANESSA MENDES DOS SANTOS               RUA RUA CAMAPUA 01 JARDIM CRISTAL APAREC            74982090Samsung                                       18868824000143                                            000002
1                   01000000000000  02 00 00 000002 000031952900000000            0000000000 1000000     0  01431511330201012500000001644230000000070N301024000020000000000003052               000000015823100000000000000170026709139   WANESSA MENDES DOS SANTOS               RUA RUA CAMAPUA 01 JARDIM CRISTAL APAREC            74982090Samsung                                       18868824000143                                            000003
1                   01000000000000  02 00 00 000002 000031953000000000            0000000000 1000000     0  01431511330301022500000001644230000000070N301024000020000000000003052               000000015458900000000000000170026709139   WANESSA MENDES DOS SANTOS               RUA RUA CAMAPUA 01 JARDIM CRISTAL APAREC            74982090Samsung                                       18868824000143                                            000004
1                   01000000000000  02 00 00 000002 000031953100000000            0000000000 1000000     0  01431511330401032500000001644230000000070N301024000020000000000003052               000000015110400000000000000170026709139   WANESSA MENDES DOS SANTOS               RUA RUA CAMAPUA 01 JARDIM CRISTAL APAREC            74982090Samsung                                       18868824000143                                            000005
1                   01000000000000  02 00 00 000002 000031953200000000            0000000000 1000000     0  01431511330501042500000001644230000000070N301024000020000000000003052               000000014790800000000000000170026709139   WANESSA MENDES DOS SANTOS               RUA RUA CAMAPUA 01 JARDIM CRISTAL APAREC            74982090Samsung                                       18868824000143                                            000006
1                   01000000000000  02 00 00 000002 000031953300000000            0000000000 1000000     0  01431511330601052500000001644230000000070N301024000020000000000003052               000000014416700000000000000170026709139   WANESSA MENDES DOS SANTOS               RUA RUA CAMAPUA 01 JARDIM CRISTAL APAREC            74982090Samsung                                       18868824000143                                            000007
1                   01000000000000  02 00 00 000002 000031953400000000            0000000000 1000000     0  01431511330701062500000001644230000000070N301024000020000000000003052               000000014034900000000000000170026709139   WANESSA MENDES DOS SANTOS               RUA RUA CAMAPUA 01 JARDIM CRISTAL APAREC            74982090Samsung                                       18868824000143                                            000008
1                   01000000000000  02 00 00 000002 000031953500000000            0000000000 1000000     0  01431511330801072500000001644230000000070N301024000020000000000003052               000000013670600000000000000170026709139   WANESSA MENDES DOS SANTOS               RUA RUA CAMAPUA 01 JARDIM CRISTAL APAREC            74982090Samsung                                       18868824000143                                            000009
1                   01000000000000  02 00 00 000002 000031953600000000            0000000000 1000000     0  01431511330901082500000001644230000000070N301024000020000000000003052               000000013273400000000000000170026709139   WANESSA MENDES DOS SANTOS               RUA RUA CAMAPUA 01 JARDIM CRISTAL APAREC            74982090Samsung                                       18868824000143                                            000010
1                   01000000000000  02 00 00 000002 000031953700000000            0000000000 1000000     0  01431511331001092500000001644230000000070N301024000020000000000003052               000000012868000000000000000170026709139   WANESSA MENDES DOS SANTOS               RUA RUA CAMAPUA 01 JARDIM CRISTAL APAREC            74982090Samsung                                       18868824000143                                            000011
1                   01000000000000  02 00 00 000002 000031953800000000            0000000000 1000000     0  01431511331101102500000001644230000000070N301024000020000000000003052               000000012467600000000000000170026709139   WANESSA MENDES DOS SANTOS               RUA RUA CAMAPUA 01 JARDIM CRISTAL APAREC            74982090Samsung                                       18868824000143                                            000012
1                   01000000000000  02 00 00 000002 000031953900000000            0000000000 1000000     0  01431511331201112500000001644230000000070N301024000020000000000003052               000000012018000000000000000170026709139   WANESSA MENDES DOS SANTOS               RUA RUA CAMAPUA 01 JARDIM CRISTAL APAREC            74982090Samsung                                       18868824000143                                            000013
9                                                                                                                                                                                                                                                                                                                                                                                                                                                     000014
