01REMESSA01COBRANCA       00000000000000012389QA FIDC - Singulare           237BRADESCO       200624        MX0000110                                                                                                                                                                                                                                                                                     000001
1                   000100024000531772 00 00 000002 000004565500020200           000000000001               01340000000105042400000010000000000000001N200624060900000000033330000000000000000000000000000000000000000000000278357111000147SACADO DE QAZ                           AVENIDA AV DOS CEDENTESQ 2938429 3493 SP            04244000SAO PAULO        085531732000160                            000002
1                   000100024000531772 00 00 000002 000004565500020200           000000000001               01340000000205042400000010000000000000001N200624060900000000033330000000000000000000000000000000000000000000000278357111000147SACADO DE QAZ                           AVENIDA AV DOS CEDENTESQ 2938429 3493 SP            04244000SAO PAULO        085531732000160                            000002
9                                                                                                                                                                                                                                                                                                                                                                                                         000020